@string{VLDB = {Proceedings International Conference Very Large Data Bases}}
@string{SIGMOD = {Proceedings of the ACM SIGMOD International Conference on Management of Data}}
@string{ICDT = {Proceedings of the International Conference on Database Teorey}}
@string{JDL = {Journal of Digital Libraries}}
@string{VLDBJ = {The {VLDB} Journal}}
@string{SIGMODR = {{SIGMOD} Record}}
@string{WebDB = {International Workshop on the Web and Databases}}
@string{ER = {International Conference on Conceptual Modeling (ER)}}
@string{W3C = {World Wide Web Consortium}}
@string{ICDE = {Proceedings IEEE International on Data Engineering}}
@string{DEXA = {International Conference on Database and Expert Systems Applications}}
@string{EDBT = {International Conference on Extending Database Technology}}
@string{DKE = {Data and Knowledge Engineering}}

%====== A ==============
@inproceedings{Aboulnaga01generating,
   author = "{A. Aboulnaga and J. Naughton and C. Zhang}",
   title  = "{Generating Synthetic Complex-structured XML Data}",
   booktitle = WebDB,
   address         = {Santa Barbara, California},
   month           = {May},
   year            = {2001},
   note    = {\url{http://www.cs.wisc.edu/niagara/Publications.html}}
}

%======== E ==============
@misc{excelon,
    author = {eXcelon Corporation},
    title = "{eXcelon Corporation: Products}",
    note = {\url{http://www.exceloncorp.com/platform/index.shtml}},
    year = {2001}
}

%========= F ==============
@article{FK99,
    author      = "{D. Florescu and D. Kossmann}",
    title       = "{Storing and Querying XML Data Using an RDBMS}",
    journal     = "{IEEE Data Engineering Bulletin}",
    volume      = {22},
    number      = {3},
    pages       = {27-34},
    month       = {September},
    year        = {1999}
}
%======== I ===============
@misc{ibm,
    author  = {IBM Corporation},
    title   = "{DB2 XML Extender}",
    note    = {\url{http://www-4.ibm.com/software/data/db2/extenders/xmlext/}},
    year    = {2001}
}

%======= M ================

@misc{microsoft,
    author = {Microsoft Corporation},
    title = "{Microsoft SQL Server}",
    note = {\url{http://www.microsoft.com/sql/default.asp}},
    year = {2001}
}

%====== O =================
@misc{oracle,
    author = {Oracle Corporation},
    title = "{Database Support for XML}",
    note = {\url{http://download-east.oracle.com/otndoc/oracle9i/901_doc/appdev.901/a88894/adx05xml.htm#1012692}},
    year = {2001}
}

%====== P =================
@misc{poet,
   author = {Poet Software},
   title = {FastObjects},
   note = {\url{http://www.fastobjects.com/FO_Corporate_Homepage_a.html}},
   year = {2001}
}

%=====  S =================
@article{SIGMODRECORD01Bench,
    author      = "{A. Schmidt and F. Wass and M. Kersten and D. Florescu and M. J. Carey and I. Manolescu and R. Busse}",
    title       = "{Why And How To Benchmark XML Databases}",
    journal     = SIGMODR,
    volume      = {30},
    number      = {3},
    month       = {September},
    year        = {2001},
    note        = {\url{http://www.acm.org/sigmod/record/issues/0109/index.html}}
}
%====== T =================
@misc{tamino,
    author  = {Software AG},
    title   = "{Tamino - The XML Power Database}",
    note    = {\url{http://www.softwareag.com/tamino/}},
    year    = {2001}
}

@misc{timber,
    author = {S. Al-Khalifa and H. V. Jagadish and J. M. Patel and K. Thompson and Y. Wu},
    title  = "{Tree-structured native XML Database Implemented at the University of Michigan by Bright (and sometimes even brilliant) Energetic Researchers (TIMBER)}",
    note  =  {\url{http://www.eecs.umich.edu/db/timber/}},
    year = {2001}
}

%======= W =================
@incollection{wiss,
    author = {D. J. DeWitt},
    editor = {J. Gray},
    title = "{The Wisconsin Benchmark:Past, Present, and Future}",
    booktitle = "{The Benchmark Handbook for Database and Transaction Systems}",
    publisher = "{Morgan Kaufmann}",
    year = {1993},
    edition = {second},
    note = {\url{http://www.benchmarkresources.com/handbook/index.asp}}
}

%======= X =================
@inproceedings{xmach,
    author      = {T.  B\"{o}ohme and E. Rahm},
    title       = "{XMach-1: A Benchmark for XML Data Management}",
    booktitle   = "{Proceedings of German Database Conference BTW2001}",
    address     = {Oldenburg, Germany},
    month      = {March},
    year        = {2001},
    note        = {\url{http://dbs.uni-leipzig.de/en/projekte/XML/XmlBenchmarking.html}}
}

@techreport{xmark,
    author      =   {A.R. Schmidt and F. Wass  and M.L. Kersten and D. Florescu and I. Manolescu and M.J. Carey and R. Busse},
    title       =   "{The XML Benchmark Project}",
    institution =   "CWI",
    note        =   {\url{http://monetdb.cwi.nl/xml/index.html}},
    month       =   "April",
    year        =   "2001",
    address     =   {Amsterdam, The Netherlands}
}

@misc{xml-schema,
    author  =   {D. C. Fallside (eds.)},
    title   =   "{XML Schema Part 0: Primer}",
    note    =   {\url{http://www.w3.org/TR/xmlschema-0/}},
    month   =   {May},
    year    =   {2001}
}





